
@misc{robotnik24,
    author       = {Robotnik S.L.},
    title        = {Manipuladores Móviles},
    howpublished = {Página web},
    year         = {2024},
    url          = {https://robotnik.eu/es/productos/manipuladores-moviles/},
    note      = {Fecha de Acceso: 12 de marzo de 2024}
}
@article{IFR23,
    author          = {IFR},
    journal         = {IFR Press Room},
    number          = {2},
    title           = {World Robotics 2023 Report},
    volume          = {2},
    year            = {2023},
}
@article{Rolan20,
    author          = {Rolan Bacilio, Anota, et al.},
    journal         = {},
    number          = {1},
    title           = {Localización de un robot móvil mediante el filtro de Kalman extendido y el simulador Gazebo},
    volume          = {1},
    year            = {2020},
}
@article{holland2003first,
  title={The first biologically inspired robots},
  author={Holland, Owen},
  journal={Robotica},
  volume={21},
  number={4},
  pages={351--363},
  year={2003},
  publisher={Cambridge University Press},
}
@misc{nasa24,
  author       = {NASA},
  howpublished = {Página Web},
  title        = {Mars 2020: Perseverance Rover},
  year         = {2020},
    url          = {https://science.nasa.gov/mission/mars-2020-perseverance/},
    note      = {Fecha de Acceso: 12 de marzo de 2024}

}
@misc{ernst80,
  author       = {Cristina Sánchez},
  howpublished = {Página Web},
  title        = {Ernst Dickmanns, el desconocido padre alemán de los coches inteligentes },
  year         = {1980},
url          = {https://www.eldiario.es/hojaderouter/tecnologia/ernst-dickmanns-vehiculo-autonomo-inteligente_1_5858992.html},
note      = {Fecha de Acceso: 12 de marzo de 2024},
}

@misc{DARPA20,
  author       = {unknown},
  howpublished = {Página Web},
  title        = {A Brief History of Automated Driving — Part One: The Driverless Car Era Began 100 Years Ago },
  year         = {2020},
url          = {https://www.apex.ai/post/a-brief-history-of-automated-driving-part-two-research-and-development},
note      = {Fecha de Acceso: 12 de marzo de 2024},

}
@misc{audirs715,
  author       = {Quadis},
  howpublished = {Página Web},
  title        = {El Audi RS7 autónomo},
  year         = {2015},
url          = {https://www.quadis.es/articulos/el-audi-rs7-autonomo/131746},
note      = {Fecha de Acceso: 12 de marzo de 2024},
}
@misc{ros2,
  author       = {ROS2:HUMBLE},
  howpublished = {Página Web},
  title        = {ROS2: Documentation},
  year         = {2007},
url          = {https://docs.ros.org/en/humble/index.html},
note      = {Fecha de Acceso: 12 de marzo de 2024},
}
@misc{nav2,
  author       = {Nav2},
  howpublished = {Página Web},
  title        = {Nav2 Stack documentation},
  year         = {2013},
url          = {https://docs.nav2.org/getting_started/index.html},
note      = {Fecha de Acceso: 12 de marzo de 2024},
}

@book{colledanchise2018behavior,
  title={Behavior trees in robotics and AI: An introduction},
  author={Colledanchise, Michele and {\"O}gren, Petter},
  year={2018},
  publisher={CRC Press}
}

@article{sun2023path,
  title={Path Planning Algorithm for a Wheel-Legged Robot Based on the Theta* and Timed Elastic Band Algorithms},
  author={Sun, Junkai and Sun, Zezhou and Wei, Pengfei and Liu, Bin and Wang, Yaobing and Zhang, Tianyi and Yan, Chuliang},
  journal={Symmetry},
  volume={15},
  number={5},
  pages={1091},
  year={2023},
  publisher={MDPI},
}

@misc{wikiLuenberg,
  author       = {Wikipedia},
  howpublished = {Pagina Web},
  title        = {Observador de Luenberger},
  year         = {2019},
url          = {https://es.wikipedia.org/wiki/Observador_de_Luenberger},
note      = {Fecha de Acceso: 12 de marzo de 2024},
}

@article{rigatos2007extended,
  title={Extended Kalman filtering for fuzzy modelling and multi-sensor fusion},
  author={Rigatos, Gerasimos and Tzafestas, Spyros},
  journal={Mathematical and computer modelling of dynamical systems},
  volume={13},
  number={3},
  pages={251--266},
  year={2007},
  publisher={Taylor \& Francis}
}
@misc{waymo24,
  author       = {Waymo LLC},
  howpublished = {Página Web},
  title        = {Taxis autónomos},
  year         = {2019},
url             = {https://waymo.com/intl/es/},
note      = {Fecha de Acceso: 12 de marzo de 2024},
}
@misc{errorAbbe23,
  author       = {Dr. Emilio Prieto},
  howpublished = {Página Web},
  title        = {…es el error de Abbe?},
  year         = {2024},
url             = {https://www.e-medida.es/numero-8/es-el-error-de-abbe/},
note      = {Fecha de Acceso: 12 de marzo de 2024},

}

@article{dolgov2008practical,
  title={Practical search techniques in path planning for autonomous driving},
  author={Dolgov, Dmitri and Thrun, Sebastian and Montemerlo, Michael and Diebel, James},
  journal={Ann Arbor},
  volume={1001},
  number={48105},
  pages={18--80},
  year={2008}
}
@misc{steve_mc,
  author       = {Steve Macenski},
  howpublished = {Git hub},
  title        = {Smac Planner},
  year         = {2020},
url             = {https://github.com/ros-navigation/navigation2/tree/main/nav2_smac_planner},
}

@article{sanchez2018algoritmo,
  title={Un Algoritmo de Estimaci{\'o}n de Orientaci{\'o}n Espacial y su Implementaci{\'o}n Embebida Utilizando Sensores Microelectromec{\'a}nicos},
  author={S{\'a}nchez, Ignacio JR and Limache, Alejandro C},
  journal={Mec{\'a}nica Computacional},
  volume={36},
  number={46},
  pages={2121--2134},
  year={2018}
}

@misc{rep105,
  author       = {Wim Meeussen},
  howpublished = {Página Web},
  title        = {Coordinate Frames for Mobile Platforms},
  year         = {2010},
url          = {https://www.ros.org/reps/rep-0105.html},
}